<?xml version="1.0" encoding="UTF-8" ?>
<collection xmlns:xsi="http://www.w3.org/2001/XMLSchema-instance" xsi:schemaLocation="http://www.loc.gov/MARC21/slim http://www.loc.gov/standards/marcxml/schema/MARC21slim.xsd" xmlns="http://www.loc.gov/MARC21/slim">
   <record>
      <leader>     cam a22      a 4500</leader>
      <controlfield tag="001">2684285</controlfield>
      <controlfield tag="003">NIC</controlfield>
      <controlfield tag="005">20131119175040.0</controlfield>
      <controlfield tag="008">860602q18961897ua      a     000 0 ara d</controlfield>
      <datafield tag="035" ind1=" " ind2=" ">
         <subfield code="a">(NIC)notisANG6093</subfield>
      </datafield>
      <datafield tag="035" ind1=" " ind2=" ">
         <subfield code="a">(OCoLC)63881222</subfield>
      </datafield>
      <datafield tag="035" ind1=" " ind2=" ">
         <subfield code="a">2684285</subfield>
      </datafield>
      <datafield tag="040" ind1=" " ind2=" ">
         <subfield code="a">NIC</subfield>
         <subfield code="c">NIC</subfield>
      </datafield>
      <datafield tag="100" ind1="1" ind2=" ">
         <subfield code="a">Ṣabbān, Muḥammad ibn ʻAlī,</subfield>
         <subfield code="d">-1791 or 1792.</subfield>
      </datafield>
      <datafield tag="245" ind1="1" ind2="0">
         <subfield code="a">Ḥāshiyat al-ʻallāmah al-Ṣabbān ʻalá sharḥ al-Ushmūnī ʻalá Alfīyat al-imām Ibn Mālik fī al-naḥw wa-alṣarf. Wa-bihāmishihi Sharḥ al-al-Ushmūnī maʻa baʻḍ taqrīrāt Aḥmad al-Rifāʻī.</subfield>
      </datafield>
      <datafield tag="260" ind1=" " ind2=" ">
         <subfield code="a">[Cairo :</subfield>
         <subfield code="b">al-Maṭbaʻah al-Maymanīyah,</subfield>
         <subfield code="c">1896 or 7]</subfield>
      </datafield>
      <datafield tag="300" ind1=" " ind2=" ">
         <subfield code="a">4 v. in 2. ;</subfield>
         <subfield code="c">29 cm.</subfield>
      </datafield>
      <datafield tag="533" ind1=" " ind2=" ">
         <subfield code="a">Photocopy.</subfield>
         <subfield code="b">[s.l.] :</subfield>
         <subfield code="c">Ridley&apos;s Book Bindery,</subfield>
         <subfield code="d">1992.</subfield>
         <subfield code="e">29 cm.</subfield>
      </datafield>
      <datafield tag="600" ind1="1" ind2="0">
         <subfield code="a">Ibn Mālik, Muḥammad ibn ʻAbd Allāh,</subfield>
         <subfield code="d">-1274.</subfield>
         <subfield code="t">Alfīyah</subfield>
      </datafield>
      <datafield tag="650" ind1=" " ind2="0">
         <subfield code="a">Arabic language</subfield>
         <subfield code="x">Grammar.</subfield>
      </datafield>
      <datafield tag="700" ind1="1" ind2=" ">
         <subfield code="a">Rifāʻī, Aḥmad.</subfield>
      </datafield>
      <datafield tag="700" ind1="1" ind2=" ">
         <subfield code="a">Ushmūnī, ʻAlī ibn Muḥammad,</subfield>
         <subfield code="d">1435-1494 or 1495.</subfield>
         <subfield code="t">Manhaj al-sālik ilá Alfīyat Ibn Mālik.</subfield>
      </datafield>
      <datafield tag="903" ind1=" " ind2=" ">
         <subfield code="a">NYUACO</subfield>
         <subfield code="d">20131119</subfield>
         <subfield code="p">31924074332366</subfield>
      </datafield>
      <datafield tag="903" ind1=" " ind2=" ">
         <subfield code="a">NYUACO</subfield>
         <subfield code="d">20131119</subfield>
         <subfield code="p">31924074332374</subfield>
      </datafield>
      <datafield tag="905" ind1=" " ind2=" ">
         <subfield code="a">19961007120000.0</subfield>
      </datafield>
      <datafield tag="948" ind1="2" ind2=" ">
         <subfield code="a">20100429</subfield>
         <subfield code="b">m</subfield>
         <subfield code="d">batch</subfield>
         <subfield code="e">lts</subfield>
         <subfield code="x">del9XXtxt</subfield>
      </datafield>
      <datafield tag="995" ind1=" " ind2=" ">
         <subfield code="a">Hivolm</subfield>
         <subfield code="d">20100429</subfield>
      </datafield>
      <datafield tag="903" ind1=" " ind2=" ">
         <subfield code="a">NYUACO</subfield>
         <subfield code="d">20140402</subfield>
         <subfield code="p">31924074332366</subfield>
      </datafield>
      <datafield tag="950" ind1=" " ind2=" ">
         <subfield code="a">Oversize</subfield>
         <subfield code="b">PJ6101.I23 S12 1896a +</subfield>
         <subfield code="v">v.1:juz1-2 </subfield>
      </datafield>
      <datafield tag="903" ind1=" " ind2=" ">
         <subfield code="a">NYUACO</subfield>
         <subfield code="d">20140402</subfield>
         <subfield code="p">31924074332374</subfield>
      </datafield>
      <datafield tag="950" ind1=" " ind2=" ">
         <subfield code="a">Oversize</subfield>
         <subfield code="b">PJ6101.I23 S12 1896a +</subfield>
         <subfield code="v">v.2:juz3-4 </subfield>
      </datafield>
   </record>
</collection>
